%%% Superpixels
@inproceedings{Malik03_Superpixel,
  title={Learning a classification model for segmentation},
  author={Ren, Xiaofeng and Malik, Jitendra},
  booktitle={Computer Vision, 2003. Proceedings. Ninth IEEE International Conference on},
  pages={10--17},
  year={2003},
  organization={IEEE}
}


%%% Graphical models %%%%


%% CRF 
@inproceedings{Lafferty01_CRFSeq,
  title={Conditional random fields: Probabilistic models for segmenting and labeling sequence data},
  author={Lafferty, John and McCallum, Andrew and Pereira, Fernando CN},
booktitle={Proceedings of the Eighteenth International Conference on Machine Learning, p.282-289, June 28-July 01, 2001},
  year={2001}
}


@article{Lempitsky_BranchMin,
  title={Branch-and-mincut: global optimization for image segmentation with high-level priors},
  author={Lempitsky, Victor and Blake, Andrew and Rother, Carsten},
  journal={Journal of Mathematical Imaging and Vision},
  volume={44},
  number={3},
  pages={315--329},
  year={2012},
  publisher={Springer}
}

@inproceedings{He04_Multiscale,
  title={Multiscale conditional random fields for image labeling},
  author={He, Xuming and Zemel, Richard S and Carreira-Perpindn, MA},
  booktitle={Computer vision and pattern recognition, 2004. CVPR 2004. Proceedings of the 2004 IEEE computer society conference on},
  volume={2},
  pages={II--695},
  year={2004},
  organization={IEEE}
}


@inproceedings{KaeSohn13_CRF,
  title={Augmenting CRFs with Boltzmann Machine Shape Priors for Image Labeling},
  author={Kae, Andrew and Sohn, Kihyuk and Lee, Honglak and Learned-Miller, Erik},
  booktitle={Computer Vision and Pattern Recognition (CVPR), 2013 IEEE Conference on},
  pages={2019--2026},
  year={2013},
  organization={IEEE}
}


%% Completely different
@inproceedings{Andres11_Probabilistic,
  title={Probabilistic image segmentation with closedness constraints},
  author={Andres, Bjoern and Kappes, J{\"o}rg H and Beier, Thorsten and Kothe, Ullrich and Hamprecht, Fred A},
  booktitle={Computer Vision (ICCV), 2011 IEEE International Conference on},
  pages={2611--2618},
  year={2011},
  organization={IEEE}
}


%%% Deformable models %%%%%

@incollection{Cootes92_ActiveShape,
  title={Active shape models—‘smart snakes’},
  author={Cootes, Timothy F and Taylor, Christopher J},
  booktitle={BMVC92},
  pages={266--275},
  year={1992},
  publisher={Springer}
}

@article{McInerney96_MIReview,
  title={Deformable models in medical image analysis: a survey},
  author={McInerney, Tim and Terzopoulos, Demetri},
  journal={Medical image analysis},
  volume={1},
  number={2},
  pages={91--108},
  year={1996},
  publisher={Elsevier}
}


@article{Cootes01_ActiveApp,
  title={Active appearance models},
  author={Cootes, Timothy F and Edwards, Gareth J and Taylor, Christopher J and others},
  journal={IEEE Transactions on pattern analysis and machine intelligence},
  volume={23},
  number={6},
  pages={681--685},
  year={2001}
}



@article{Kass88_Snakes,
  title={Snakes: Active contour models},
  author={Kass, Michael and Witkin, Andrew and Terzopoulos, Demetri},
  journal={International journal of computer vision},
  volume={1},
  number={4},
  pages={321--331},
  year={1988},
  publisher={Springer}
}

@article{Baswaraj12_ACReview,
  title={Active Contours and Image Segmentation: The current state of the art},
  author={Baswaraj, Dr A Govardhan and P Premchand, D},
  journal={Global Journal of Computer Science and Technology},
  volume={12},
  number={11-F},
  year={2012}
}

%% Shape Prior Stuff
@article{Sclaroff01_RegionGroup,
  title={Deformable shape detection and description via model-based region grouping},
  author={Sclaroff, Stan and Liu, Lifeng},
  journal={Pattern Analysis and Machine Intelligence, IEEE Transactions on},
  volume={23},
  number={5},
  pages={475--489},
  year={2001},
  publisher={IEEE}
}

@incollection{ElBaz09_ShapeApp,
  title={Robust medical images segmentation using learned shape and appearance models},
  author={El-Baz, Ayman and Gimel’farb, Georgy},
  booktitle={Medical Image Computing and Computer-Assisted Intervention--MICCAI 2009},
  pages={281--288},
  year={2009},
  publisher={Springer}
}


@incollection{Cootes92_TrainingShape,
  title={Training models of shape from sets of examples},
  author={Cootes, Timothy F and Taylor, Christopher J and Cooper, David H and Graham, Jim},
  booktitle={BMVC92},
  pages={9--18},
  year={1992},
  publisher={Springer}
}

%% Level Set Segm & Shape Prior

@article{MumfordShah89,
  title={Optimal approximations by piecewise smooth functions and associated variational problems},
  author={Mumford, David and Shah, Jayant},
  journal={Communications on pure and applied mathematics},
  volume={42},
  number={5},
  pages={577--685},
  year={1989},
  publisher={Wiley Online Library}
}


@article{Caselles97_Geodesic,
  title={Geodesic active contours},
  author={Caselles, Vicent and Kimmel, Ron and Sapiro, Guillermo},
  journal={International journal of computer vision},
  volume={22},
  number={1},
  pages={61--79},
  year={1997},
  publisher={Springer}
}


@inproceedings{Leventon00_ShapeGeodesic,
  title={Statistical shape influence in geodesic active contours},
  author={Leventon, Michael E and Grimson, W Eric L and Faugeras, Olivier},
  booktitle={Computer Vision and Pattern Recognition, 2000. Proceedings. IEEE Conference on},
  volume={1},
  pages={316--323},
  year={2000},
  organization={IEEE}
}

@article{Tsai03_MILevelSets,
  title={A shape-based approach to the segmentation of medical imagery using level sets},
  author={Tsai, Andy and Yezzi Jr, Anthony and Wells, William and Tempany, Clare and Tucker, Dewey and Fan, Ayres and Grimson, W Eric and Willsky, Alan},
  journal={Medical Imaging, IEEE Transactions on},
  volume={22},
  number={2},
  pages={137--154},
  year={2003},
  publisher={IEEE}
}

@inproceedings{Chan05_LevelShape,
  title={Level set based shape prior segmentation},
  author={Chan, Tony and Zhu, Wei},
  booktitle={Computer Vision and Pattern Recognition, 2005. CVPR 2005. IEEE Computer Society Conference on},
  volume={2},
  pages={1164--1170},
  year={2005},
  organization={IEEE}
}

@article{ChanVese01,
  title={Active contours without edges},
  author={Chan, Tony F and Vese, Luminita A},
  journal={Image processing, IEEE transactions on},
  volume={10},
  number={2},
  pages={266--277},
  year={2001},
  publisher={IEEE}
}

@article{Cremers06_KernelDensity,
  title={Kernel density estimation and intrinsic alignment for shape priors in level set segmentation},
  author={Cremers, Daniel and Osher, Stanley J and Soatto, Stefano},
  journal={International Journal of Computer Vision},
  volume=69,
  number=3,
  pages={335--351},
  year=2006,
  publisher={Springer}
}

@article{Cremers07_Levelreview,
  title={A review of statistical approaches to level set segmentation: integrating color, texture, motion and shape},
  author={Cremers, Daniel and Rousson, Mikael and Deriche, Rachid},
  journal={International journal of computer vision},
  volume={72},
  number={2},
  pages={195--215},
  year={2007},
  publisher={Springer}
}

@inproceedings{Chen09_LevelShapeIntensity,
  title={Level set segmentation with both shape and intensity priors},
  author={Chen, Siqi and Radke, Richard J},
  booktitle={Computer Vision, 2009 IEEE 12th International Conference on},
  pages={763--770},
  year={2009},
  organization={IEEE}
}



%%% Combining both
@incollection{Uzunbas13_MultiOrgan,
  title={Collaborative Multi Organ Segmentation by Integrating Deformable and Graphical Models},
  author={Uzunba{\c{s}}, Mustafa G{\"o}khan and Chen, Chao and Zhang, Shaoting and Pohl, Kilian M and Li, Kang and Metaxas, Dimitris},
  booktitle={Medical Image Computing and Computer-Assisted Intervention--MICCAI 2013},
  pages={157--164},
  year={2013},
  publisher={Springer}
}

@inproceedings{Huang04_MRFDM,
  title={A graphical model framework for coupling MRFs and deformable models},
  author={Huang, Rui and Pavlovic, Vladimir and Metaxas, Dimitris N},
  booktitle={Computer Vision and Pattern Recognition, 2004. CVPR 2004. Proceedings of the 2004 IEEE Computer Society Conference on},
  volume={2},
  pages={II--739},
  year={2004},
  organization={IEEE}
}

@article{Chen12_MIGraphCut,
  title={Medical image segmentation by combining graph cuts and oriented active appearance models},
  author={Chen, Xinjian and Udupa, Jayaram K and Bagci, Ulas and Zhuge, Ying and Yao, Jianhua},
  journal={Image Processing, IEEE Transactions on},
  volume={21},
  number={4},
  pages={2035--2046},
  year={2012},
  publisher={IEEE}
}

@inproceedings{Schlesinger13,
  title={A Continuous Shape Prior for MRF-Based Segmentation},
  author={Schlesinger, Dmitrij},
  booktitle={Energy Minimization Methods in Computer Vision and Pattern Recognition},
  pages={350--361},
  year={2013},
  organization={Springer}
}

%%%%%%%%%%%%%%%%%%%%% Algorithms
% Variational
@article{Jordan99_Variational,
  title={An introduction to variational methods for graphical models},
  author={Jordan, Michael I and Ghahramani, Zoubin and Jaakkola, Tommi S and Saul, Lawrence K},
  journal={Machine learning},
  volume={37},
  number={2},
  pages={183--233},
  year={1999},
  publisher={Springer}
}

@article{Wainwright_Variational,
  title={Graphical models, exponential families, and variational inference},
  author={Wainwright, Martin J and Jordan, Michael I},
  journal={Foundations and Trends{\textregistered} in Machine Learning},
  volume={1},
  number={1-2},
  pages={1--305},
  year={2008},
  publisher={Now Publishers Inc.}
}
